@article{drewry_2017_PLOS,
  doi = {10.1371/journal.pone.0181585},
  url = {https://doi.org/10.1371/journal.pone.0181585},
  year = {2017},
  month = aug,
  publisher = {Public Library of Science ({PLoS})},
  volume = {12},
  number = {8},
  pages = {e0181585},
  author = {David H. Drewry and Carrow I. Wells and David M. Andrews and Richard Angell and Hassan Al-Ali and Alison D. Axtman and Stephen J. Capuzzi and Jonathan M. Elkins and Peter Ettmayer and Mathias Frederiksen and Opher Gileadi and Nathanael Gray and Alice Hooper and Stefan Knapp and Stefan Laufer and Ulrich Luecking and Michael Michaelides and Susanne M\"{u}ller and Eugene Muratov and R. Aldrin Denny and Kumar S. Saikatendu and Daniel K. Treiber and William J. Zuercher and Timothy M. Willson},
  editor = {Anette Duensing},
  title = {Progress towards a public chemogenomic set for protein kinases and a call for contributions},
  journal = {{PLOS} {ONE}}
}

@article{Backenkhler2023,
  title = {TeachOpenCADD goes Deep Learning: Open-source Teaching Platform Exploring Molecular DL Applications},
  url = {http://dx.doi.org/10.26434/chemrxiv-2023-kz1pb},
  DOI = {10.26434/chemrxiv-2023-kz1pb},
  journal={chemrxiv},
  publisher = {American Chemical Society (ACS)},
  author = {Backenk\"{o}hler,  Michael and Kramer,  Paula Linh and Groß,  Joschka and Großmann,  Gerrit and Joeres,  Roman and Tagirdzhanov,  Azat and Sydow,  Dominique and Ibrahim,  Hamza and Odje,  Floriane and Wolf,  Verena and Volkamer,  Andrea},
  year = {2023},
  month = may 
}


@misc{chembl_May_2021,
    title = {{ChEMBL}},
    howpublished = {\url{https://www.ebi.ac.uk/chembl/}},
    note = {[Online; accessed 01-May-2021]},
    year = {2021}
}

@article{posit,
  title={{POSIT}: flexible shape-guided docking for pose prediction},
  author={Kelley, Brian P and Brown, Scott P and Warren, Gregory L and Muchmore, Steven W},
  journal={Journal of Chemical Information and Modeling},
  volume={55},
  number={8},
  pages={1771--1780},
  year={2015},
  publisher={ACS Publications}
}
\
@misc{oedocking,
  title={OEDOCKING 4.2.0.2},
  author={{OpenEye Scientific Software}},
  url={http://www.eyesopen.com},
 note = {Inc., Santa Fe, NM},
 year={2024},
}

@article{friesner2006extra,
  title={Extra precision glide: Docking and scoring incorporating a model of hydrophobic enclosure for protein- ligand complexes},
  author={Friesner, Richard A and Murphy, Robert B and Repasky, Matthew P and Frye, Leah L and Greenwood, Jeremy R and Halgren, Thomas A and Sanschagrin, Paul C and Mainz, Daniel T},
  journal={Journal of medicinal chemistry},
  volume={49},
  number={21},
  pages={6177--6196},
  year={2006},
  publisher={ACS Publications}
}


@misc{chemblweb_May_2021,
    title = {{ChEMBL Web Resource}},
    howpublished = {\url{https://github.com/chembl/chembl_webresource_client}},
    note = {[Online; accessed 01-May-2021]},
    year = {2021}
}

@misc{chemblarchives_May_2021,
    title = {{ChEMBL Archives}},
    howpublished = {\url{https://chembl.gitbook.io/chembl-interface-documentation/downloads#chembl-database-release-dois}},
    note = {[Online; accessed 01-May-2021]},
    year = {2021}
}

@article{weininger_1988_JChemInfComputSci,
    author = {Weininger, David},
    title = {SMILES, a chemical language and information system. 1. Introduction to methodology and encoding rules},
    journal = {Journal of Chemical Information and Computer Sciences},
    volume = {28},
    number = {1},
    pages = {31-36},
    year = {1988},
    doi = {10.1021/ci00057a005},
    URL = {https://pubs.acs.org/doi/abs/10.1021/ci00057a005},
    eprint = {https://pubs.acs.org/doi/pdf/10.1021/ci00057a005}
}

@article{heller_2013_JCheminform,
  doi = {10.1186/1758-2946-5-7},
  url = {https://doi.org/10.1186/1758-2946-5-7},
  year = {2013},
  month = {jan},
  publisher = {Springer Science and Business Media {LLC}},
  volume = {5},
  number = {1},
  author = {Stephen Heller and Alan McNaught and Stephen Stein and Dmitrii Tchekhovskoi and Igor Pletnev},
  title = {{InChI} - the worldwide chemical structure identifier standard},
  journal = {Journal of Cheminformatics}
}

@incollection{paszke_2019_neurips,
    title = {PyTorch: An Imperative Style, High-Performance Deep Learning Library},
    author = {Paszke, Adam and Gross, Sam and Massa, Francisco and Lerer, Adam and Bradbury, James and Chanan, Gregory and Killeen, Trevor and Lin, Zeming and Gimelshein, Natalia and Antiga, Luca and Desmaison, Alban and Kopf, Andreas and Yang, Edward and DeVito, Zachary and Raison, Martin and Tejani, Alykhan and Chilamkurthy, Sasank and Steiner, Benoit and Fang, Lu and Bai, Junjie and Chintala, Soumith},
    booktitle = {Advances in Neural Information Processing Systems 32},
    editor = {H. Wallach and H. Larochelle and A. Beygelzimer and F. d\textquotesingle Alch\'{e}-Buc and E. Fox and R. Garnett},
    pages = {8024--8035},
    year = {2019},
    publisher = {Curran Associates, Inc.},
    url = {http://papers.neurips.cc/paper/9015-pytorch-an-imperative-style-high-performance-deep-learning-library.pdf}
}

@inproceedings{chen_2016_xgboost,
     author = {Chen, Tianqi and Guestrin, Carlos},
     title = {{XGBoost}: A Scalable Tree Boosting System},
     booktitle = {Proceedings of the 22nd ACM SIGKDD International Conference on Knowledge Discovery and Data Mining},
     series = {KDD '16},
     year = {2016},
     isbn = {978-1-4503-4232-2},
     location = {San Francisco, California, USA},
     pages = {785--794},
     numpages = {10},
     url = {http://doi.acm.org/10.1145/2939672.2939785},
     doi = {10.1145/2939672.2939785},
     acmid = {2939785},
     publisher = {ACM},
     address = {New York, NY, USA}
}

@article{scikit-learn,
 title={Scikit-learn: Machine Learning in {P}ython},
 author={Pedregosa, F. and Varoquaux, G. and Gramfort, A. and Michel, V.
         and Thirion, B. and Grisel, O. and Blondel, M. and Prettenhofer, P.
         and Weiss, R. and Dubourg, V. and Vanderplas, J. and Passos, A. and
         Cournapeau, D. and Brucher, M. and Perrot, M. and Duchesnay, E.},
 journal={Journal of Machine Learning Research},
 volume={12},
 pages={2825--2830},
 year={2011}
}

@inproceedings{sklearn_api,
  author    = {Lars Buitinck and Gilles Louppe and Mathieu Blondel and Fabian Pedregosa and Andreas Mueller and Olivier Grisel and Vlad Niculae and Peter Prettenhofer and Alexandre Gramfort and Jaques Grobler and Robert Layton and Jake VanderPlas and Arnaud Joly and Brian Holt and Ga{\"{e}}l Varoquaux},
  title = {{API} design for machine learning software: experiences from the scikit-learn project},
  booktitle = {ECML PKDD Workshop: Languages for Data Mining and Machine Learning},
  year = {2013},
  pages = {108--122},
}

@misc{papermill_May_2021,
    title = {{papermill}},
    howpublished = {\url{https://papermill.readthedocs.io/en/latest/index.html}},
    note = {[Online; accessed 06-May-2021]},
    year = {2021}
}

@article{harris_2020_nature,
    title = {Array programming with {NumPy}},
    author = {Charles R. Harris and K. Jarrod Millman and St{\'{e}}fan J. van der Walt and Ralf Gommers and Pauli Virtanen and David Cournapeau and Eric Wieser and Julian Taylor and Sebastian Berg and Nathaniel J. Smith and Robert Kern and Matti Picus and Stephan Hoyer and Marten H. van Kerkwijk and Matthew Brett and Allan Haldane and Jaime Fern{\'{a}}ndez del R{\'{i}}o and Mark Wiebe and Pearu Peterson and Pierre G{\'{e}}rard-Marchant and Kevin Sheppard and Tyler Reddy and Warren Weckesser and Hameer Abbasi and Christoph Gohlke and Travis E. Oliphant},
     year = {2020},
     month = sep,
     journal = {Nature},
     volume = {585},
     number = {7825},
     pages = {357--362},
     doi = {10.1038/s41586-020-2649-2},
     publisher = {Springer Science and Business Media {LLC}},
     url = {https://doi.org/10.1038/s41586-020-2649-2}
}

@book{Ramsundar_2019_deepchem,
    title={Deep Learning for the Life Sciences},
    author={Bharath Ramsundar and Peter Eastman and Patrick Walters and Vijay Pande and Karl Leswing and Zhenqin Wu},
    publisher={O'Reilly Media},
    note={\url{https://www.amazon.com/Deep-Learning-Life-Sciences-Microscopy/dp/1492039837}},
    year={2019}
}

@article{wilkinson_2016_scientificdata,
  doi = {10.1038/sdata.2016.18},
  url = {https://doi.org/10.1038/sdata.2016.18},
  year = {2016},
  month = mar,
  publisher = {Springer Science and Business Media {LLC}},
  volume = {3},
  number = {1},
  author = {Mark D. Wilkinson and Michel Dumontier and IJsbrand Jan Aalbersberg and Gabrielle Appleton and Myles Axton and Arie Baak and Niklas Blomberg and Jan-Willem Boiten and Luiz Bonino da Silva Santos and Philip E. Bourne and Jildau Bouwman and Anthony J. Brookes and Tim Clark and Merc{\`{e}} Crosas and Ingrid Dillo and Olivier Dumon and Scott Edmunds and Chris T. Evelo and Richard Finkers and Alejandra Gonzalez-Beltran and Alasdair J.G. Gray and Paul Groth and Carole Goble and Jeffrey S. Grethe and Jaap Heringa and Peter A.C 't Hoen and Rob Hooft and Tobias Kuhn and Ruben Kok and Joost Kok and Scott J. Lusher and Maryann E. Martone and Albert Mons and Abel L. Packer and Bengt Persson and Philippe Rocca-Serra and Marco Roos and Rene van Schaik and Susanna-Assunta Sansone and Erik Schultes and Thierry Sengstag and Ted Slater and George Strawn and Morris A. Swertz and Mark Thompson and Johan van der Lei and Erik van Mulligen and Jan Velterop and Andra Waagmeester and Peter Wittenburg and Katherine Wolstencroft and Jun Zhao and Barend Mons},
  title = {The {FAIR} Guiding Principles for scientific data management and stewardship},
  journal = {Scientific Data}
}

@incollection{kooistra_2017_annualreports,
    title = {Chapter Six - Kinase-Centric Computational Drug Development},
    editor = {Robert A. Goodnow},
    series = {Annual Reports in Medicinal Chemistry},
    publisher = {Academic Press},
    volume = {50},
    pages = {197-236},
    year = {2017},
    booktitle = {Platform Technologies in Drug Discovery and Validation},
    issn = {0065-7743},
    doi = {https://doi.org/10.1016/bs.armc.2017.08.001},
    url = {https://www.sciencedirect.com/science/article/pii/S0065774317300040},
    author = {Albert J. Kooistra and Andrea Volkamer}
}

@article{Bento_2013_NAR,
  doi = {10.1093/nar/gkt1031},
  url = {https://doi.org/10.1093/nar/gkt1031},
  year = {2013},
  month = nov,
  publisher = {Oxford University Press ({OUP})},
  volume = {42},
  number = {D1},
  pages = {D1083--D1090},
  author = {A. Patr{\'{\i}}cia Bento and Anna Gaulton and Anne Hersey and Louisa J. Bellis and Jon Chambers and Mark Davies and Felix A. Kr\"{u}ger and Yvonne Light and Lora Mak and Shaun McGlinchey and Michal Nowotka and George Papadatos and Rita Santos and John P. Overington},
  title = {The {ChEMBL} bioactivity database: an update},
  journal = {Nucleic Acids Research}
}

@article{tang_JCIM_2014,
    author = {Tang, Jing and Szwajda, Agnieszka and Shakyawar, Sushil and Xu, Tao and Hintsanen, Petteri and Wennerberg, Krister and Aittokallio, Tero},
    title = {Making Sense of Large-Scale Kinase Inhibitor Bioactivity Data Sets: A Comparative and Integrative Analysis},
    journal = {Journal of Chemical Information and Modeling},
    volume = {54},
    number = {3},
    pages = {735-743},
    year = {2014},
    doi = {10.1021/ci400709d},
    note ={PMID: 24521231},
    URL = {https://doi.org/10.1021/ci400709d   },
    eprint = {https://doi.org/10.1021/ci400709d}
}

@article{Kalliokoski2013,
    doi = {10.1371/journal.pone.0061007},
    author = {Kalliokoski, Tuomo AND Kramer, Christian AND Vulpetti, Anna AND Gedeck, Peter},
    journal = {PLOS ONE},
    publisher = {Public Library of Science},
    title = {Comparability of Mixed IC50 Data – A Statistical Analysis},
    year = {2013},
    month = {04},
    volume = {8},
    url = {https://doi.org/10.1371/journal.pone.0061007},
    pages = {1-12},
    number = {4},
}
@article{Kramer2012,
    author = {Kramer, Christian and Kalliokoski, Tuomo and Gedeck, Peter and Vulpetti, Anna},
    title = {The Experimental Uncertainty of Heterogeneous Public Ki Data},
    journal = {Journal of Medicinal Chemistry},
    volume = {55},
    number = {11},
    pages = {5165-5173},
    year = {2012},
    doi = {10.1021/jm300131x},
    note ={PMID: 22643060},
    URL = {https://doi.org/10.1021/jm300131x},
    eprint = {https://doi.org/10.1021/jm300131x}
}

@article{Kanev2020,
    author = {Kanev, Georgi K and de Graaf, Chris and Westerman, Bart A and de Esch, Iwan J P and Kooistra, Albert J},
    title = "{KLIFS: an overhaul after the first 5 years of supporting kinase research}",
    journal = {Nucleic Acids Research},
    volume = {49},
    number = {D1},
    pages = {D562-D569},
    year = {2020},
    month = {10},
    doi = {10.1093/nar/gkaa895},
    url = {https://doi.org/10.1093/nar/gkaa895},
    eprint = {https://academic.oup.com/nar/article-pdf/49/D1/D562/35363711/gkaa895.pdf},
}
@article{Modi2021,
    author = {Modi, Vivek and Dunbrack, Roland L, Jr},
    title = "{Kincore: a web resource for structural classification of protein kinases and their inhibitors}",
    journal = {Nucleic Acids Research},
    volume = {50},
    number = {D1},
    pages = {D654-D664},
    year = {2021},
    month = {10},
    doi = {10.1093/nar/gkab920}
}
@article{Manning2002,
    author = {Manning, J and Whyte, D B and Martinez, R and Hunter, T and Sudarsunam, S},
    title = "{The Protein Kinase Complement of the Human Genome}",
    journal = {Science},
    volume = {298},
    number = {5600},
    pages = {1912-1934},
    year = {2002},
}

@article{Ayala-Aguilera2022, 
    author = {Ayala-Aguilera, C. C. and Valero, T. and Lorente-Macias, A and Baillache, D. J. and Croke, S. and Unciti-Broceta, A.},
   title = {Small Molecule Kinase Inhibitor Drugs (1995-2021): Medical Indication, Pharmacology, and Synthesis},
   journal = {J Med Chem},
   volume = {65},
   number = {2},
   pages = {1047-1131},
   ISSN = {1520-4804},
   DOI = {10.1021/acs.jmedchem.1c00963},
   url = {https://www.ncbi.nlm.nih.gov/pubmed/34624192},
   year = {2022},
}

@article{Eid2017,
   author = {Eid, Sameh and Turk, Samo and Volkamer, Andrea and Rippmann, Friedrich and Fulle, Simone},
   title = {KinMap: a web-based tool for interactive navigation through human kinome data},
   journal = {BMC Bioinformatics},
   volume = {18},
   number = {1},
   note = {OA status: green\_published},
   ISSN = {1471-2105},
   DOI = {10.1186/s12859-016-1433-7},
   url = {http://europepmc.org/articles/pmc5217312?pdf=render},
   year = {2017},
}

@article{Ramazi2021,
   author = {Ramazi, S. and Zahiri, J.},
   title = {Posttranslational modifications in proteins: resources, tools and prediction methods},
   journal = {Database (Oxford)},
   volume = {2021},
   ISSN = {1758-0463},
   DOI = {10.1093/database/baab012},
   url = {https://www.ncbi.nlm.nih.gov/pubmed/33826699},
   year = {2021},
}

@article{Cohen2021,
    author = {Cohen, P. and Cross, D. and Jänne, P. A.},
    title = {Kinase drug discovery 20 years after imatinib: progress and future directions},
    journal = {Nat Rev Drug Discov},
    volume = {20},
    number = {7},
    pages = {551-569},
    ISSN = {1474-1784},
    DOI = {10.1038/s41573-021-00195-4},
    url = {https://www.ncbi.nlm.nih.gov/pubmed/34002056},
    year = {2021},
}

@article{amendola2021pyrmd,
  title={PyRMD: a new fully automated ai-powered ligand-based virtual screening tool},
  author={Amendola, Giorgio and Cosconati, Sandro},
  journal={Journal of Chemical Information and Modeling},
  volume={61},
  number={8},
  pages={3835--3845},
  year={2021},
  publisher={ACS Publications},
}

@article{chen2007evaluation,
  title={Evaluation of machine-learning methods for ligand-based virtual screening},
  author={Chen, Beining and Harrison, Robert F and Papadatos, George and Willett, Peter and Wood, David J and Lewell, Xiao Qing and Greenidge, Paulette and Stiefl, Nikolaus},
  journal={Journal of computer-aided molecular design},
  volume={21},
  pages={53--62},
  year={2007},
  publisher={Springer},
}

@article{jones2021improved,
  title={Improved protein--ligand binding affinity prediction with structure-based deep fusion inference},
  author={Jones, Derek and Kim, Hyojin and Zhang, Xiaohua and Zemla, Adam and Stevenson, Garrett and Bennett, WF Drew and Kirshner, Daniel and Wong, Sergio E and Lightstone, Felice C and Allen, Jonathan E},
  journal={Journal of chemical information and modeling},
  volume={61},
  number={4},
  pages={1583--1592},
  year={2021},
  publisher={ACS Publications},
}

@article{hanson2019makes,
  title={What makes a kinase promiscuous for inhibitors?},
  author={Hanson, Sonya M and Georghiou, George and Thakur, Manish K and Miller, W Todd and Rest, Joshua S and Chodera, John D and Seeliger, Markus A},
  journal={Cell chemical biology},
  volume={26},
  number={3},
  pages={390--399},
  year={2019},
  publisher={Elsevier},
}
@article{aldeghi2019predicting,
  title={Predicting kinase inhibitor resistance: physics-based and data-driven approaches},
  author={Aldeghi, Matteo and Gapsys, Vytautas and de Groot, Bert L},
  journal={ACS central science},
  volume={5},
  number={8},
  pages={1468--1474},
  year={2019},
  publisher={ACS Publications}
}
@article{dutta2018structure,
  title={Structure-based kinase profiling to understand the polypharmacological behavior of therapeutic molecules},
  author={Dutta, Devawati and Das, Ranjita and Mandal, Chhabinath and Mandal, Chitra},
  journal={Journal of Chemical Information and Modeling},
  volume={58},
  number={1},
  pages={68--89},
  year={2018},
  publisher={ACS Publications}
}
@article{milletti2010predicting,
  title={Predicting polypharmacology by binding site similarity: from kinases to the protein universe},
  author={Milletti, Francesca and Vulpetti, Anna},
  journal={Journal of chemical information and modeling},
  volume={50},
  number={8},
  pages={1418--1431},
  year={2010},
  publisher={ACS Publications}
}
@article{liu2023hybrid,
  title={A Hybrid Structure-Based Machine Learning Approach for Predicting Kinase Inhibition by Small Molecules},
  author={Liu, Changchang and Kutchukian, Peter and Nguyen, Nhan D and AlQuraishi, Mohammed and Sorger, Peter K},
  journal={Journal of Chemical Information and Modeling},
  volume={63},
  number={17},
  pages={5457--5472},
  year={2023},
  publisher={ACS Publications}
}
@article{diwanji2019full,
  title={More than the Sum of the Parts: Towards Full-Length Receptor Tyrosine Kinase Structures},
  author={Diwanji, Devan and Thaker, Tarjani and Jura, Natalia},
  journal={IUBMB Life},
  volume={71},
  number={6},
  pages={706--720},
  year={2019}
}
@article{ruiz2022disulfide,
  title={Cysteine Oxidation in Proteins: Structure, Biophysics, and Simulation},
  author={Garrido Ruiz, Diego and Sandoval-Perez, Angelica and Rangarajan, Amith Vikram and Gunderson, Emma L. and Jacobson, Matthew P.},
  journal={Biochemistry},
  volume={61},
  number={20},
  pages={2165--2176},
  year={2022},
  publisher={ACS Publications}
}

@article{debruyne2018inn,
  title = {INN or brand name drug prescriptions: a multilevel,  cross-sectional study in general practice},
  volume = {75},
  ISSN = {1432-1041},
  url = {http://dx.doi.org/10.1007/s00228-018-2580-8},
  DOI = {10.1007/s00228-018-2580-8},
  number = {2},
  journal = {European Journal of Clinical Pharmacology},
  publisher = {Springer Science and Business Media LLC},
  author = {De Bruyne,  Florent and Pon\c{c}on,  Arnaud and Giai,  Joris and Dode,  Xavier and Darmon,  David and Colin,  Cyrille and Gueyffier,  Fran\c{c}ois and Letrilliart,  Laurent},
  year = {2018},
  month = oct,
  pages = {275–283}
}
    %url = {https://www.ncbi.nlm.nih.gov/pubmed/30368571}
}
@article{david2020cheminform, 
    author={David, Laurianne and Thakkar, Amol and Mercado, Rocío and Engkvist, Ola}, 
    title={Molecular representations in AI-driven drug discovery: a review and practical guide}, 
    volume={12}, 
    ISSN={1758-2946}, 
    DOI={10.1186/s13321-020-00460-5}, 
    number={1}, 
    journal={Journal of Cheminformatics},
    year={2020}
}
@article{lu2021ionization, 
    author={Gaohua, Lu and Miao, Xiusheng and Dou, Liu}, year={2021}, 
    title={Crosstalk of physiological pH and chemical pKa under the umbrella of physiologically based pharmacokinetic modeling of drug absorption, distribution, metabolism, excretion, and toxicity}, volume={17}, 
    ISSN={1742-5255}, 
    DOI={10.1080/17425255.2021.1951223}, 
    number={9}, 
    journal={Expert Opinion on Drug Metabolism \& Toxicology},
    pages={1103–1124}
}
@article{knape2017cofactor, 
    author={Knape, Matthias J. and Ballez, Mike and Burghardt, Nicole C. and Zimmermann, Bastian and Bertinetti, Daniela and Kornev, Alexandr P. and Herberg, Friedrich W.}, 
    title={Divalent metal ions control activity and inhibition of protein kinases}, volume={9}, ISSN={1756-5901}, 
    url={https://dx.doi.org/10.1039/c7mt00204a}, 
    DOI={10.1039/c7mt00204a}, 
    number={11}, 
    journal={Metallomics}, 
    year={2017}, 
    pages={1576–1584}
}
@article{sliwoski2014computational,
  title={Computational methods in drug discovery},
  author={Sliwoski, Gregory and Kothiwale, Sandeepkumar and Meiler, Jens and Lowe, Edward W},
  journal={Pharmacological reviews},
  volume={66},
  number={1},
  pages={334--395},
  year={2014},
  publisher={ASPET}
}
@article{abuhammad2016innovative,
  title={Innovative computer-aided methods for the discovery of new kinase ligands},
  author={Abuhammad, Areej and Taha, Mutasem},
  journal={Future medicinal chemistry},
  volume={8},
  number={5},
  pages={509--526},
  year={2016},
  publisher={Future Science}
}
@article{vazquez2020merging,
  title={Merging ligand-based and structure-based methods in drug discovery: An overview of combined virtual screening approaches},
  author={V{\'a}zquez, Javier and L{\'o}pez, Manel and Gibert, Enric and Herrero, Enric and Luque, F Javier},
  journal={Molecules},
  volume={25},
  number={20},
  pages={4723},
  year={2020},
  publisher={MDPI}
}
@article{sadybekov2023computational,
  title={Computational approaches streamlining drug discovery},
  author={Sadybekov, Anastasiia V and Katritch, Vsevolod},
  journal={Nature},
  volume={616},
  number={7958},
  pages={673--685},
  year={2023},
  publisher={Nature Publishing Group UK London}
}
@article{jiang2021interactiongraphnet,
  title={InteractionGraphNet: a novel and efficient deep graph representation learning framework for accurate protein--ligand interaction predictions},
  author={Jiang, Dejun and Hsieh, Chang-Yu and Wu, Zhenxing and Kang, Yu and Wang, Jike and Wang, Ercheng and Liao, Ben and Shen, Chao and Xu, Lei and Wu, Jian and others},
  journal={Journal of medicinal chemistry},
  volume={64},
  number={24},
  pages={18209--18232},
  year={2021},
  publisher={ACS Publications}
}
@article{wu2016small,
  title={Small-molecule kinase inhibitors: an analysis of FDA-approved drugs},
  author={Wu, Peng and Nielsen, Thomas E and Clausen, Mads H},
  journal={Drug discovery today},
  volume={21},
  number={1},
  pages={5--10},
  year={2016},
  publisher={Elsevier}
}
@article{knight2005features,
  title={Features of selective kinase inhibitors},
  author={Knight, Zachary A and Shokat, Kevan M},
  journal={Chemistry \& biology},
  volume={12},
  number={6},
  pages={621--637},
  year={2005},
  publisher={Elsevier}
}
@article{schaller2023benchmarking,
  title={Benchmarking Cross-Docking Strategies for Structure-Informed Machine Learning in Kinase Drug Discovery},
  author={Schaller, David and Christ, Clara D and Chodera, John D and Volkamer, Andrea},
  journal={bioRxiv},
  pages={2023--09},
  year={2023},
  publisher={Cold Spring Harbor Laboratory}
}
@article{backenkohler2023guided,
author = {Backenköhler, Michael and Groß, Joschka and Wolf, Verena and Volkamer, Andrea},
title = {Guided Docking as a Data Generation Approach Facilitates Structure-Based Machine Learning on Kinases},
journal = {Journal of Chemical Information and Modeling},

year = {2024},
doi = {10.1021/acs.jcim.4c00055},
    note ={PMID: 38751014},

URL = { 
    
        https://doi.org/10.1021/acs.jcim.4c00055
    
    

},
eprint = { 
    
        https://doi.org/10.1021/acs.jcim.4c00055
    
    

}

}

@article{drewry2017progress,
  title={Progress towards a public chemogenomic set for protein kinases and a call for contributions},
  author={Drewry, David H and Wells, Carrow I and Andrews, David M and Angell, Richard and Al-Ali, Hassan and Axtman, Alison D and Capuzzi, Stephen J and Elkins, Jonathan M and Ettmayer, Peter and Frederiksen, Mathias and others},
  journal={PloS one},
  volume={12},
  number={8},
  pages={e0181585},
  year={2017},
  publisher={Public Library of Science San Francisco, CA USA}
}
@article{hussey2023data,
  title={Data is not available upon request},
  author={Hussey, Ian},
  year={2023},
  publisher={PsyArXiv}
}
@article{stodden2009enabling,
  title={Enabling reproducible research: Open licensing for scientific innovation},
  author={Stodden, Victoria},
  journal={International Journal of Communications Law and Policy, Forthcoming},
  year={2009}
}
@article{wilkinson2016fair,
  title={The FAIR Guiding Principles for scientific data management and stewardship},
  author={Wilkinson, Mark D and Dumontier, Michel and Aalbersberg, IJsbrand Jan and Appleton, Gabrielle and Axton, Myles and Baak, Arie and Blomberg, Niklas and Boiten, Jan-Willem and da Silva Santos, Luiz Bonino and Bourne, Philip E and others},
  journal={Scientific data},
  volume={3},
  number={1},
  pages={1--9},
  year={2016},
  publisher={Nature Publishing Group}
}
@article{eyre2006hugo,
  title={The HUGO gene nomenclature database, 2006 updates},
  author={Eyre, Tina A and Ducluzeau, Fabrice and Sneddon, Tam P and Povey, Sue and Bruford, Elspeth A and Lush, Michael J},
  journal={Nucleic acids research},
  volume={34},
  number={suppl\_1},
  pages={D319--D321},
  year={2006},
  publisher={Oxford University Press}
}
@article{manning2002protein,
  title={The protein kinase complement of the human genome},
  author={Manning, Gerard and Whyte, David B and Martinez, Ricardo and Hunter, Tony and Sudarsanam, Sucha},
  journal={Science},
  volume={298},
  number={5600},
  pages={1912--1934},
  year={2002},
  publisher={American Association for the Advancement of Science}
}
@article{pundir2016uniprot,
  title={UniProt tools},
  author={Pundir, Sangya and Martin, Maria J and O'Donovan, Claire and UniProt Consortium},
  journal={Current protocols in bioinformatics},
  volume={53},
  number={1},
  pages={1--29},
  year={2016},
  publisher={Wiley Online Library}
}
@article{zaru2023uniprot,
  title={UniProt Tools: BLAST, Align, Peptide Search, and ID Mapping},
  author={Zaru, Rossana and Orchard, Sandra and UniProt Consortium},
  journal={Current Protocols},
  volume={3},
  number={3},
  pages={e697},
  year={2023},
  publisher={Wiley Online Library}
}
@article{zdrazil2023chembl,
  title={The ChEMBL Database in 2023: a drug discovery platform spanning multiple bioactivity data types and time periods},
  author={Zdrazil, Barbara and Felix, Eloy and Hunter, Fiona and Manners, Emma J and Blackshaw, James and Corbett, Sybilla and de Veij, Marleen and Ioannidis, Harris and Mendez Lopez, David and Mosquera, Juan F and others},
  journal={Nucleic Acids Research},
  pages={gkad1004},
  year={2023},
  publisher={Oxford University Press}
}
@article{boothroyd2023development,
  title={Development and Benchmarking of Open Force Field 2.0. 0: The Sage Small Molecule Force Field},
  author={Boothroyd, Simon and Behara, Pavan Kumar and Madin, Owen C and Hahn, David F and Jang, Hyesu and Gapsys, Vytautas and Wagner, Jeffrey R and Horton, Joshua T and Dotson, David L and Thompson, Matthew W and others},
  journal={Journal of Chemical Theory and Computation},
  year={2023},
  publisher={ACS Publications}
}
@article{landrum2013rdkit,
  title={Rdkit documentation},
  author={Landrum, Greg},
  journal={Release},
  volume={1},
  number={1-79},
  pages={4},
  year={2013}
}

@article{roskoski2023pki,
    title = {Properties of FDA-approved small molecule protein kinase inhibitors: A 2023 update},
    journal = {Pharmacological Research},
    volume = {187},
    pages = {106552},
    year = {2023},
    issn = {1043-6618},
    doi = {https://doi.org/10.1016/j.phrs.2022.106552},
    url = {https://www.sciencedirect.com/science/article/pii/S1043661822004984},
    author = {Robert Roskoski}
}

@article{gorantla2023proteins,
  title={From Proteins to Ligands: Decoding Deep Learning Methods for Binding Affinity Prediction},
  author={Gorantla, Rohan and Kubincova, Alzbeta and Wei{\ss}e, Andrea Y and Mey, Antonia SJS},
  journal={Journal of Chemical Information and Modeling},
  year={2023},
  publisher={ACS Publications}
}

@article{modi2019defining,
  title={Defining a new nomenclature for the structures of active and inactive kinases},
  author={Modi, Vivek and Dunbrack Jr, Roland L},
  journal={Proceedings of the National Academy of Sciences},
  volume={116},
  number={14},
  pages={6818--6827},
  year={2019},
  publisher={National Acad Sciences}
}
@article{modi2022kincore,
  title={Kincore: a web resource for structural classification of protein kinases and their inhibitors},
  author={Modi, Vivek and Dunbrack Jr, Roland L},
  journal={Nucleic Acids Research},
  volume={50},
  number={D1},
  pages={D654--D664},
  year={2022},
  publisher={Oxford University Press}
}
@article{wang2004pdbbind,
  title={The PDBbind database: Collection of binding affinities for protein- ligand complexes with known three-dimensional structures},
  author={Wang, Renxiao and Fang, Xueliang and Lu, Yipin and Wang, Shaomeng},
  journal={Journal of medicinal chemistry},
  volume={47},
  number={12},
  pages={2977--2980},
  year={2004},
  publisher={ACS Publications}
}
@article{kimber2021deep,
  title={Deep learning in virtual screening: recent applications and developments},
  author={Kimber, Talia B and Chen, Yonghui and Volkamer, Andrea},
  journal={International journal of molecular sciences},
  volume={22},
  number={9},
  pages={4435},
  year={2021},
  publisher={MDPI}
}
@article{luo2023calibrated,
  title={Calibrated geometric deep learning improves kinase--drug binding predictions},
  author={Luo, Yunan and Liu, Yang and Peng, Jian},
  journal={Nature Machine Intelligence},
  volume={5},
  number={12},
  pages={1390--1401},
  year={2023},
  publisher={Nature Publishing Group UK London}
}
@article{kooistra2016klifs,
  title={KLIFS: a structural kinase-ligand interaction database},
  author={Kooistra, Albert J and Kanev, Georgi K and van Linden, Oscar PJ and Leurs, Rob and de Esch, Iwan JP and de Graaf, Chris},
  journal={Nucleic acids research},
  volume={44},
  number={D1},
  pages={D365--D371},
  year={2016},
  publisher={Oxford University Press}
}
@article{eid2017kinmap,
  title={KinMap: a web-based tool for interactive navigation through human kinome data},
  author={Eid, Sameh and Turk, Samo and Volkamer, Andrea and Rippmann, Friedrich and Fulle, Simone},
  journal={BMC bioinformatics},
  volume={18},
  pages={1--6},
  year={2017},
  publisher={Springer}
}
@article{morris2008molecular,
  title={Molecular docking},
  author={Morris, Garrett M and Lim-Wilby, Marguerita},
  journal={Molecular modeling of proteins},
  pages={365--382},
  year={2008},
  publisher={Springer}
}

@article{Perner2023,
  title = {MEN1 mutations mediate clinical resistance to menin inhibition},
  volume = {615},
  ISSN = {1476-4687},
  url = {http://dx.doi.org/10.1038/s41586-023-05755-9},
  DOI = {10.1038/s41586-023-05755-9},
  number = {7954},
  journal = {Nature},
  publisher = {Springer Science and Business Media LLC},
  author = {Perner,  Florian and Stein,  Eytan M. and Wenge,  Daniela V. and Singh,  Sukrit and Kim,  Jeonghyeon and Apazidis,  Athina and Rahnamoun,  Homa and Anand,  Disha and Marinaccio,  Christian and Hatton,  Charlie and Wen,  Yanhe and Stone,  Richard M. and Schaller,  David and Mowla,  Shoron and Xiao,  Wenbin and Gamlen,  Holly A. and Stonestrom,  Aaron J. and Persaud,  Sonali and Ener,  Elizabeth and Cutler,  Jevon A. and Doench,  John G. and McGeehan,  Gerard M. and Volkamer,  Andrea and Chodera,  John D. and Nowak,  Radosław P. and Fischer,  Eric S. and Levine,  Ross L. and Armstrong,  Scott A. and Cai,  Sheng F.},
  year = {2023},
  month = mar,
  pages = {913–919}
}

@article{Outhwaite2023,
  title = {Death by a thousand cuts through kinase inhibitor combinations that maximize selectivity and enable rational multitargeting},
  volume = {12},
  ISSN = {2050-084X},
  url = {http://dx.doi.org/10.7554/eLife.86189},
  DOI = {10.7554/elife.86189},
  journal = {eLife},
  publisher = {eLife Sciences Publications,  Ltd},
  author = {Outhwaite,  Ian R and Singh,  Sukrit and Berger,  Benedict-Tilman and Knapp,  Stefan and Chodera,  John D and Seeliger,  Markus A},
  year = {2023},
  month = dec 
}

@article{Boby2023,
  title = {Open science discovery of potent noncovalent SARS-CoV-2 main protease inhibitors},
  volume = {382},
  ISSN = {1095-9203},
  url = {http://dx.doi.org/10.1126/science.abo7201},
  DOI = {10.1126/science.abo7201},
  number = {6671},
  journal = {Science},
  publisher = {American Association for the Advancement of Science (AAAS)},
  author = {Boby,  Melissa L. and Fearon,  Daren and Ferla,  Matteo and Filep,  Mihajlo and Koekemoer,  Lizbé and Robinson,  Matthew C. and Chodera,  John D. and Lee,  Alpha A. and London,  Nir and von Delft,  Annette and von Delft,  Frank and Achdout,  Hagit and Aimon,  Anthony and Alonzi,  Dominic S. and Arbon,  Robert and Aschenbrenner,  Jasmin C. and Balcomb,  Blake H. and Bar-David,  Elad and Barr,  Haim and Ben-Shmuel,  Amir and Bennett,  James and Bilenko,  Vitaliy A. and Borden,  Bruce and Boulet,  Pascale and Bowman,  Gregory R. and Brewitz,  Lennart and Brun,  Juliane and BVNBS,  Sarma and Calmiano,  Mark and Carbery,  Anna and Carney,  Daniel W. and Cattermole,  Emma and Chang,  Edcon and Chernyshenko,  Eugene and Clyde,  Austin and Coffland,  Joseph E. and Cohen,  Galit and Cole,  Jason C. and Contini,  Alessandro and Cox,  Lisa and Croll,  Tristan Ian and Cvitkovic,  Milan and De Jonghe,  Steven and Dias,  Alex and Donckers,  Kim and Dotson,  David L. and Douangamath,  Alice and Duberstein,  Shirly and Dudgeon,  Tim and Dunnett,  Louise E. and Eastman,  Peter and Erez,  Noam and Eyermann,  Charles J. and Fairhead,  Michael and Fate,  Gwen and Fedorov,  Oleg and Fernandes,  Rafaela S. and Ferrins,  Lori and Foster,  Richard and Foster,  Holly and Fraisse,  Laurent and Gabizon,  Ronen and García-Sastre,  Adolfo and Gawriljuk,  Victor O. and Gehrtz,  Paul and Gileadi,  Carina and Giroud,  Charline and Glass,  William G. and Glen,  Robert C. and Glinert,  Itai and Godoy,  Andre S. and Gorichko,  Marian and Gorrie-Stone,  Tyler and Griffen,  Ed J. and Haneef,  Amna and Hassell Hart,  Storm and Heer,  Jag and Henry,  Michael and Hill,  Michelle and Horrell,  Sam and Huang,  Qiu Yu Judy and Huliak,  Victor D. and Hurley,  Matthew F. D. and Israely,  Tomer and Jajack,  Andrew and Jansen,  Jitske and Jnoff,  Eric and Jochmans,  Dirk and John,  Tobias and Kaminow,  Benjamin and Kang,  Lulu and Kantsadi,  Anastassia L. and Kenny,  Peter W. and Kiappes,  J. L. and Kinakh,  Serhii O. and Kovar,  Boris and Krojer,  Tobias and La,  Van Ngoc Thuy and Laghnimi-Hahn,  Sophie and Lefker,  Bruce A. and Levy,  Haim and Lithgo,  Ryan M. and Logvinenko,  Ivan G. and Lukacik,  Petra and Macdonald,  Hannah Bruce and MacLean,  Elizabeth M. and Makower,  Laetitia L. and Malla,  Tika R. and Marples,  Peter G. and Matviiuk,  Tatiana and McCorkindale,  Willam and McGovern,  Briana L. and Melamed,  Sharon and Melnykov,  Kostiantyn P. and Michurin,  Oleg and Miesen,  Pascal and Mikolajek,  Halina and Milne,  Bruce F. and Minh,  David and Morris,  Aaron and Morris,  Garrett M. and Morwitzer,  Melody Jane and Moustakas,  Demetri and Mowbray,  Charles E. and Nakamura,  Aline M. and Neto,  Jose Brandao and Neyts,  Johan and Nguyen,  Luong and Noske,  Gabriela D. and Oleinikovas,  Vladas and Oliva,  Glaucius and Overheul,  Gijs J. and Owen,  C. David and Pai,  Ruby and Pan,  Jin and Paran,  Nir and Payne,  Alexander Matthew and Perry,  Benjamin and Pingle,  Maneesh and Pinjari,  Jakir and Politi,  Boaz and Powell,  Ailsa and Pšenák,  Vladimír and Pulido,  Iván and Puni,  Reut and Rangel,  Victor L. and Reddi,  Rambabu N. and Rees,  Paul and Reid,  St Patrick and Reid,  Lauren and Resnick,  Efrat and Ripka,  Emily Grace and Robinson,  Ralph P. and Rodriguez-Guerra,  Jaime and Rosales,  Romel and Rufa,  Dominic A. and Saar,  Kadi and Saikatendu,  Kumar Singh and Salah,  Eidarus and Schaller,  David and Scheen,  Jenke and Schiffer,  Celia A. and Schofield,  Christopher J. and Shafeev,  Mikhail and Shaikh,  Aarif and Shaqra,  Ala M. and Shi,  Jiye and Shurrush,  Khriesto and Singh,  Sukrit and Sittner,  Assa and Sj\"{o},  Peter and Skyner,  Rachael and Smalley,  Adam and Smeets,  Bart and Smilova,  Mihaela D. and Solmesky,  Leonardo J. and Spencer,  John and Strain-Damerell,  Claire and Swamy,  Vishwanath and Tamir,  Hadas and Taylor,  Jenny C. and Tennant,  Rachael E. and Thompson,  Warren and Thompson,  Andrew and Tomásio,  Susana and Tomlinson,  Charles W. E. and Tsurupa,  Igor S. and Tumber,  Anthony and Vakonakis,  Ioannis and van Rij,  Ronald P. and Vangeel,  Laura and Varghese,  Finny S. and Vaschetto,  Mariana and Vitner,  Einat B. and Voelz,  Vincent and Volkamer,  Andrea and Walsh,  Martin A. and Ward,  Walter and Weatherall,  Charlie and Weiss,  Shay and White,  Kris M. and Wild,  Conor Francis and Witt,  Karolina D. and Wittmann,  Matthew and Wright,  Nathan and Yahalom-Ronen,  Yfat and Yilmaz,  Nese Kurt and Zaidmann,  Daniel and Zhang,  Ivy and Zidane,  Hadeer and Zitzmann,  Nicole and Zvornicanin,  Sarah N.},
  year = {2023},
  month = nov 
}